<collection xmlns="http://www.loc.gov/MARC21/slim">
<record>
  <leader>00878nam0a22001691i 450 </leader>
  <controlfield tag="001">IT\ICCU\CNCE\076523</controlfield>
  <controlfield tag="005">20110921000000.0</controlfield>
  <datafield tag="012" ind1=" " ind2=" ">
    <subfield code="a">n-no laal r-ta Amui (7) 1594 (R)</subfield>
    <subfield code="2">fei</subfield>
  </datafield>
  <datafield tag="100" ind1=" " ind2=" ">
    <subfield code="a">20110921d1594        0itac0103    ba</subfield>
  </datafield>
  <datafield tag="101" ind1=" " ind2=" ">
    <subfield code="a">ITA</subfield>
  </datafield>
  <datafield tag="102" ind1=" " ind2=" ">
    <subfield code="a">IT</subfield>
  </datafield>
  <datafield tag="200" ind1="1" ind2=" ">
    <subfield code="a">Legendario delle santissime vergini adornato di bellissime figure in rame di molta vaghezza et diuotione non piu stampate agiontoui le vite d&apos;alcune sante vergini ...</subfield>
  </datafield>
  <datafield tag="210" ind1=" " ind2=" ">
    <subfield code="a">In Venetia</subfield>
    <subfield code="c">appresso gli heredi di Simon Galignani</subfield>
    <subfield code="d">1594</subfield>
    <subfield code="e">In Venetia</subfield>
    <subfield code="g">appresso gl&apos;eredi di Simon Galignani de Karera</subfield>
    <subfield code="h">1594</subfield>
  </datafield>
  <datafield tag="215" ind1=" " ind2=" ">
    <subfield code="a">\4!, 150 c.</subfield>
    <subfield code="c">ill.</subfield>
    <subfield code="d">4\</subfield>
  </datafield>
  <datafield tag="712" ind1="0" ind2="2">
    <subfield code="a">s.n.</subfield>
    <subfield code="3">IT\ICCU\CNCT\000002</subfield>
    <subfield code="4">650</subfield>
  </datafield>
  <datafield tag="801" ind1=" " ind2="3">
    <subfield code="a">IT</subfield>
    <subfield code="b">ICCU</subfield>
    <subfield code="c">20201115</subfield>
  </datafield>
  <datafield tag="899" ind1=" " ind2=" ">
    <subfield code="a">Biblioteca interfacolt ̉di Lettere e filosofia, Scienze della formazione e Lingue e letterature straniere dell&apos;Universit ̉degli studi di Cagliari. Cagliari  - Sa Duchessa</subfield>
    <subfield code="1">CA0033</subfield>
    <subfield code="2">CAG IL</subfield>
  </datafield>
</record>
</collection>
